@Book{boldrini1986,
	author = {Boldrini, José L.},
	title = {Álgebra linear},
	publisher = {HARBRA},
	year = {1986},
	address = {São Paulo},
	isbn = {9788529402024}
}
@Book{steinbruch2009,
	author = {Steinbruch, Alfredo},
	title = {Álgebra linear},
	publisher = {Pearson Makron Books},
	year = {2009},
	address = {São Paulo},
	isbn = {0074504126}
}
@book{franco2016,
	author  ={Franco, Neide},
	title   ={Álgebra linear},
	address ={São Paulo},
	publisher={Pearson Education do Brasil},
	isbn ={978-85-430-1915-4},
	year ={2016}
}
@book{fernandes2017,
	author  ={Fernandes, Luana Fonseca Duarte},
	title   ={Álgebra linear},
	address ={Curitiba},
	publisher={Intersaberes},
	isbn ={978-85-5972-341-0},
	year ={2017},
	edition = {2}
}
@book{domingues2018,
	author  ={Domingues, Hygino H. and Iezzi, Gelson},
	title   ={Álgebra moderna},
	address ={Rio de Janeiro},
	publisher={Saraiva},
	isbn ={978-85-472-2305-2},
	year ={2018}
}
@Book{bonafini2011,
	author = {Bonafini, Fernanda Cesar},
	title = {Matemática},
	publisher = {Prentice Hall},
	year = {2011},
	address = {São Paulo}
}
@Book{murolo2011,
	author = {Murolo, Afrânio and Bonetto, Giacomo},
	title = {Matemática aplicada a Administração, Economia e Contabilidade},
	publisher = {Thompson Pioneira},
	year = {2011},
	address = {São Paulo}
}
@Book{oliveira2016,
	author = {Oliveira, Carlos Alberto Maziozeki de},
	title = {Matemática},
	publisher = {Intersaberes},
	year = {2016},
	address = {Curitiba}
}
@Book{souza2018,
	author = {Souza, Jeferson Afonso Lopes},
	title = {Lógica Matemática},
	publisher = {Pearson Prentice Hall},
	year = {2018},
	address = {São Paulo}
}
@Book{jacques2010,
	author = {Jacques, Ian},
	title = {Matemática para Economia e Administração},
	publisher = {Pearson Prentice Hall},
	year = {2010},
	address = {São Paulo}
}
@Book{barbosa2017,
	author = {Barbosa, Marcos Antonio},
	title = {Introdução lógica matemática para acadêmicos},
	publisher = {Intersaberes},
	year = {2017},
	address = {Curitiba}
}
@Book{castanheira2017,
	author = {Castanheira, Nelson Pereira and Leite, Álvaro Emílio},
	title = {Tópicos de Cálculo I: limites, derivadas e integrais},
	publisher = {Intersaberes},
	year = {2017},
	address = {Curitiba}
}
@Book{flemming2007,
	author = {Flemming, Diva Marília and Gonçalves, Mirian Buss},
	title = {Cálculo a funções: limite, derivação e integração},
	publisher = {Pearson Prentice Hall},
	year = {2007},
	address = {São Paulo}
}
@Book{hoffmann2008,
	author = {Hoffmann, Laurence D. and Bradley, Gerald L.},
	title = {Cálculo: um curso moderno e suas aplicações},
	publisher = {LTC},
	year = {2008},
	address = {Rio de Janeiro}
}
@Book{munaretto2018,
	author = {Munaretto, Ana Cristina},
	title = {Descomplicando um novo olhar sobre a matemática elementar},
	publisher = {Intersaberes},
	year = {2018},
	address = {Curitiba}
}
@Book{panonceli2017,
	author = {Panonceli, Diego Manoel},
	title = {Análise Matemática},
	publisher = {Intersaberes},
	year = {2017},
	address = {Curitiba}
}
@Book{tan2008,
	author = {Tan, S. T.},
	title = {Matemática aplicada a administração e economia},
	publisher = {Cengage Learning},
	year = {2008},
	address = {São Paulo}
}
